@misc{Volatile76:online,
author = {},
title = {Volatile Class (System.Threading) | Microsoft Learn},
howpublished = {\url{https://learn.microsoft.com/en-us/dotnet/api/system.threading.volatile?view=net-8.0}},
month = {},
year = {},
note = {(Accessed on 08/29/2024)}
}